[gd_scene load_steps=14 format=2]

[ext_resource path="res://groundmap.tscn" type="PackedScene" id=1]
[ext_resource path="res://main.gd" type="Script" id=2]
[ext_resource path="res://audio/music.ogg" type="AudioStream" id=3]
[ext_resource path="res://player.tscn" type="PackedScene" id=4]
[ext_resource path="res://sprite/root.png" type="Texture" id=5]
[ext_resource path="res://mousedebug.gd" type="Script" id=6]
[ext_resource path="res://collisiondebug.gd" type="Script" id=7]
[ext_resource path="res://gui.tscn" type="PackedScene" id=8]
[ext_resource path="res://features/veg_a.tscn" type="PackedScene" id=9]
[ext_resource path="res://playercamera.gd" type="Script" id=10]
[ext_resource path="res://sprite/tree.png" type="Texture" id=13]

[sub_resource type="Gradient" id=1]
colors = PoolColorArray( 0.49, 0.400167, 0, 1, 0.07, 0.035, 0, 1 )

[sub_resource type="GradientTexture" id=2]
gradient = SubResource( 1 )

[node name="Main" type="Node2D"]
script = ExtResource( 2 )

[node name="MusicPlayer" type="AudioStreamPlayer" parent="."]
stream = ExtResource( 3 )

[node name="WinterTimer" type="Timer" parent="."]

[node name="Camera2D" type="Camera2D" parent="."]
position = Vector2( 840, 422 )
current = true
script = ExtResource( 10 )

[node name="SkyBackdrop" type="ColorRect" parent="."]
margin_top = -102.52
margin_right = 1920.0
margin_bottom = -2.51984
mouse_filter = 2
color = Color( 0.294118, 0.709804, 0.913725, 1 )
__meta__ = {
"_edit_lock_": true,
"_edit_use_anchors_": false
}

[node name="GroundBackdrop" type="TextureRect" parent="."]
margin_right = 1729.0
margin_bottom = 1920.0
rect_rotation = 90.0
rect_scale = Vector2( 1, -1 )
mouse_filter = 2
texture = SubResource( 2 )
expand = true
__meta__ = {
"_edit_lock_": true,
"_edit_use_anchors_": false
}

[node name="root" type="Sprite" parent="GroundBackdrop"]
modulate = Color( 1, 1, 1, 0.560784 )
position = Vector2( 690.762, 259.999 )
rotation = 1.97571
scale = Vector2( 0.400037, -0.400037 )
texture = ExtResource( 5 )

[node name="root2" type="Sprite" parent="GroundBackdrop"]
modulate = Color( 1, 1, 1, 0.364706 )
position = Vector2( 1469.39, 499.925 )
rotation = 0.624828
scale = Vector2( 1, -1 )
texture = ExtResource( 5 )

[node name="tree" type="Sprite" parent="GroundBackdrop"]
position = Vector2( 582.292, 1431.89 )
rotation = 1.5708
scale = Vector2( 1, -1 )
texture = ExtResource( 13 )
__meta__ = {
"_edit_lock_": true
}

[node name="VegA" parent="GroundBackdrop" instance=ExtResource( 9 )]
position = Vector2( 310, 867.8 )
rotation = 1.5708
scale = Vector2( 1, -1 )

[node name="VegA2" parent="GroundBackdrop" instance=ExtResource( 9 )]
position = Vector2( 361.2, 834.2 )
rotation = 1.5708
scale = Vector2( 1, -1 )

[node name="VegA3" parent="GroundBackdrop" instance=ExtResource( 9 )]
position = Vector2( 223.6, 1227 )
rotation = 1.5708
scale = Vector2( 1, -1 )

[node name="VegA4" parent="GroundBackdrop" instance=ExtResource( 9 )]
position = Vector2( 370, 1247 )
rotation = 1.5708
scale = Vector2( 1, -1 )

[node name="VegA5" parent="GroundBackdrop" instance=ExtResource( 9 )]
position = Vector2( 462.8, 1324.6 )
rotation = 1.5708
scale = Vector2( 1, -1 )

[node name="VegA6" parent="GroundBackdrop" instance=ExtResource( 9 )]
position = Vector2( 551.6, 1419 )
rotation = 1.5708
scale = Vector2( 1, -1 )

[node name="VegA7" parent="GroundBackdrop" instance=ExtResource( 9 )]
position = Vector2( 364.4, 1579 )
rotation = 1.5708
scale = Vector2( 1, -1 )

[node name="VegA8" parent="GroundBackdrop" instance=ExtResource( 9 )]
position = Vector2( 200.4, 1645.4 )
rotation = 1.5708
scale = Vector2( 1, -1 )

[node name="VegA9" parent="GroundBackdrop" instance=ExtResource( 9 )]
position = Vector2( 653.778, 1160.14 )
rotation = 1.5708
scale = Vector2( 1, -1 )

[node name="VegA10" parent="GroundBackdrop" instance=ExtResource( 9 )]
position = Vector2( 880.978, 863.103 )
rotation = 1.5708
scale = Vector2( 1, -1 )

[node name="VegA11" parent="GroundBackdrop" instance=ExtResource( 9 )]
position = Vector2( 1028.98, 891.103 )
rotation = 1.5708
scale = Vector2( 1, -1 )

[node name="VegA12" parent="GroundBackdrop" instance=ExtResource( 9 )]
position = Vector2( 996.178, 1072.7 )
rotation = 1.5708
scale = Vector2( 1, -1 )

[node name="VegA13" parent="GroundBackdrop" instance=ExtResource( 9 )]
position = Vector2( 852.178, 1212.7 )
rotation = 1.5708
scale = Vector2( 1, -1 )

[node name="VegA14" parent="GroundBackdrop" instance=ExtResource( 9 )]
position = Vector2( 1237.78, 1081.5 )
rotation = 1.5708
scale = Vector2( 1, -1 )

[node name="VegA15" parent="GroundBackdrop" instance=ExtResource( 9 )]
position = Vector2( 1214.58, 1179.9 )
rotation = 1.5708
scale = Vector2( 1, -1 )

[node name="VegA16" parent="GroundBackdrop" instance=ExtResource( 9 )]
position = Vector2( 1310.58, 1254.3 )
rotation = 1.5708
scale = Vector2( 1, -1 )

[node name="VegA17" parent="GroundBackdrop" instance=ExtResource( 9 )]
position = Vector2( 1240.98, 1340.7 )
rotation = 1.5708
scale = Vector2( 1, -1 )

[node name="VegA18" parent="GroundBackdrop" instance=ExtResource( 9 )]
position = Vector2( 1276.18, 1790.3 )
rotation = 1.5708
scale = Vector2( 1, -1 )

[node name="VegA19" parent="GroundBackdrop" instance=ExtResource( 9 )]
position = Vector2( 1059.38, 1753.5 )
rotation = 1.5708
scale = Vector2( 1, -1 )

[node name="VegA20" parent="GroundBackdrop" instance=ExtResource( 9 )]
position = Vector2( 930.578, 1871.9 )
rotation = 1.5708
scale = Vector2( 1, -1 )

[node name="VegA21" parent="GroundBackdrop" instance=ExtResource( 9 )]
position = Vector2( 826.578, 1788.7 )
rotation = 1.5708
scale = Vector2( 1, -1 )

[node name="VegA22" parent="GroundBackdrop" instance=ExtResource( 9 )]
position = Vector2( 712.178, 1900.7 )
rotation = 1.5708
scale = Vector2( 1, -1 )

[node name="VegA23" parent="GroundBackdrop" instance=ExtResource( 9 )]
position = Vector2( 539.378, 1691.1 )
rotation = 1.5708
scale = Vector2( 1, -1 )

[node name="VegA24" parent="GroundBackdrop" instance=ExtResource( 9 )]
position = Vector2( 418.578, 1888.7 )
rotation = 1.5708
scale = Vector2( 1, -1 )

[node name="VegA25" parent="GroundBackdrop" instance=ExtResource( 9 )]
position = Vector2( 776.178, 1533.5 )
rotation = 1.5708
scale = Vector2( 1, -1 )

[node name="VegA26" parent="GroundBackdrop" instance=ExtResource( 9 )]
position = Vector2( 1350.58, 270.303 )
rotation = 1.5708
scale = Vector2( 1, -1 )

[node name="VegA27" parent="GroundBackdrop" instance=ExtResource( 9 )]
position = Vector2( 1256.18, 443.903 )
rotation = 1.5708
scale = Vector2( 1, -1 )

[node name="VegA29" parent="GroundBackdrop" instance=ExtResource( 9 )]
position = Vector2( 781.778, 173.503 )
rotation = 1.5708
scale = Vector2( 1, -1 )

[node name="VegA30" parent="GroundBackdrop" instance=ExtResource( 9 )]
position = Vector2( 628.978, 219.903 )
rotation = 1.5708
scale = Vector2( 1, -1 )

[node name="VegA28" parent="GroundBackdrop" instance=ExtResource( 9 )]
position = Vector2( 1707.38, 455.103 )
rotation = 1.5708
scale = Vector2( 1, -1 )

[node name="VegA31" parent="GroundBackdrop" instance=ExtResource( 9 )]
position = Vector2( 684.977, 420.703 )
rotation = 1.5708
scale = Vector2( 1, -1 )

[node name="GroundMap" parent="." instance=ExtResource( 1 )]

[node name="Player" parent="." instance=ExtResource( 4 )]
position = Vector2( 480.646, 9.42168 )

[node name="CollisionDebug" type="Label" parent="."]
visible = false
margin_left = 338.851
margin_top = -70.7906
margin_right = 400.851
margin_bottom = -56.7906
text = "collision: "
script = ExtResource( 7 )
__meta__ = {
"_edit_use_anchors_": false
}

[node name="MouseDebug" type="Label" parent="."]
visible = false
margin_left = 337.907
margin_top = -52.857
margin_right = 399.907
margin_bottom = -38.857
text = "mouse: "
script = ExtResource( 6 )
__meta__ = {
"_edit_use_anchors_": false
}

[node name="GUILayer" parent="." instance=ExtResource( 8 )]

[connection signal="stored_food_total_changed" from="." to="GUILayer" method="_on_Main_stored_food_total_changed"]
[connection signal="winter_timer_changed" from="." to="GUILayer" method="_on_Main_winter_timer_changed"]
[connection signal="timeout" from="WinterTimer" to="." method="_on_WinterTimer_timeout"]
[connection signal="dig_hole" from="Player" to="GroundMap" method="_on_Player_dig_hole"]
[connection signal="hunger_changed" from="Player" to="GUILayer" method="_on_Player_hunger_changed"]
[connection signal="inventory_changed" from="Player" to="GUILayer" method="_on_Player_inventory_changed"]
[connection signal="player_error" from="Player" to="GUILayer" method="_on_Player_player_error"]
